% Articulos introduccion

@misc{who-cvd,
  author = {{World Health Organization}},
  title = {Cardiovascular Diseases (CVDs)},
  year = {2023},
  note = {World Health Organization. \url{https://www.who.int/news-room/fact-sheets/detail/cardiovascular-diseases-(cvds)}. (Accessed on 4/6/2024)}
}

% Articulos objetivos


% Articulos teoricos

@misc{wikipedia-ecg,
  author = {Wikipedia},
  title = {Electrocardiography},
  year = {2024},
  note = {\url{https://en.wikipedia.org/wiki/Electrocardiography}. (Accessed on 3/6/2024)}
}

@article{azcona2009electrocardiograma,
  title={El electrocardiograma},
  author={Azcona, Luis},
  journal={L{\'o}pez Farr{\'e} A, Macaya Miguel C, directores. Libro de la salud cardiovascular del Hospital Cl{\'\i}nico San Carlos y la fundaci{\'o}n BBVA. 1{\textordfeminine} ed. Bilbao: Fundaci{\'o}n BBVA},
  pages={49--56},
  year={2009}
}

@book{guyton2006text,
  title={Text book of medical physiology},
  author={Guyton, Arthur CMD},
  year={2006},
  publisher={China}
}

@article{sistema_cardiovascular,
  title={Sistema cardiovascular},
  author={Parte, II},
  journal={Urgencias m{\'e}dicas en odontolog{\'\i}a},
  volume={51},
  year={2001}
}

@article{corella2007enfermedades,
  title={Y enfermedades cardiovasculares},
  author={Corella, Dolores and Ordov{\'a}s, Jos{\'e} M},
  journal={Investigaci{\'o}n y ciencia},
  pages={75},
  year={2007}
}

@misc{MayoClinic_monitoring,
  author = {{Mayo Clinic}},
  title = {Heart Disease Diagnosis},
  year = {2023},
  note = {Mayo Clinic. \url{https://www.mayoclinic.org/es/diseases-conditions/heart-disease/diagnosis-treatment/drc-20353124}. (Accessed on 5/6/2024)}
}

@misc{enfermeriatop2024,
  author = {{Enfermeria.top}},
  title = {Sistema de Conducción y Trastornos de la Frecuencia Cardiaca},
  note = {Enfermeria.top. \url{https://enfermeria.top/apuntes/fisiopatologia/trastornos-frecuencia-cardiaca/sistema-conduccion/}. (Accessed on 6/6/2024)}
}

@misc{DeepBluEmbedded2024,
  author = {{DeepBlu Embedded}},
  title = {Arduino UART Example Tutorial},
  year = {2024},
  note = {DeepBlu Embedded. \url{https://deepbluembedded.com/arduino-uart-example-tutorial/}. (Accessed on 7/6/2024)}
}

@misc{TechZero2024,
  author = {{TechZeero}},
  title = {Serial Communication in Arduino},
  year = {2024},
  note = {TechZeero. \url{https://techzeero.com/arduino-tutorials/serial-communication-in-arduino/}. (Accessed on 8/6/2024)}
}

@misc{Structuralia,
  author = {{Structuralia}},
  title = {Elige la mejor base de datos según tu proyecto},
  year = {2019},
  note = {Structuralia. \url{https://blog.structuralia.com/elige-la-mejor-base-de-datos-seg%C3%BAn-tu-proyecto}. (Accessed on 9/6/2024)}
}

@misc{PrimeIT,
  author = {{PrimeIT}},
  title = {Una guía para principiantes de desarrollo de back-end y front-end},
  year = {2022},
  note = {PrimeIT. \url{https://www.primeit.es/una-guia-para-principiantes-de-desarrollo-de-back-end-y-front-end}. (Accessed on 10/6/2024)}
}

@article{breiman2001random,
  title={Random Forests},
  author={Breiman, Leo},
  journal={Machine Learning},
  volume={45},
  number={1},
  pages={5-32},
  year={2001},
  publisher={Springer}
}

@article{breiman1996bagging,
  title={Bagging Predictors},
  author={Breiman, Leo},
  journal={Machine Learning},
  volume={24},
  number={2},
  pages={123-140},
  year={1996},
  publisher={Springer}
}

@misc{scipy_find_peaks,
  author = {{Scipy Documentation}},
  title = {Signal Processing (find\_peaks)},
  note = {Scipy.org. \url{https://docs.scipy.org/doc/scipy/reference/generated/scipy.signal.find_peaks.html}. (Accessed on 22/6/2024)}
}

@misc{kardiamobile,
  author = {{KardiaMobile}},
  title = {Monitor ECG Personal},
  note = {Disponible en \url{https://www.amazon.es/KardiaMobile-Monitor-ECG-Personal-derivaciones/dp/B07RQW6SD5}. (Accessed on 12/6/2024)}
}

@misc{checkme,
  author = {{CheckMe Lite}},
  title = {Monitor de salud portátil},
  note = {Disponible en \url{https://www.amazon.es/CheckMe-Port%C3%A1til-Profesional-Grabaci%C3%B3n-Smartphone/dp/B0BBRGNNLH}. (Accessed on 15/6/2024)}
}

@misc{wellue,
  author = {{Wellue ER1}},
  title = {Monitor de ECG Portátil},
  note = {Disponible en \url{https://www.amazon.es/Wellue-ER1-LW-Port%C3%A1til-Dom%C3%A9stico-Compatible/dp/B0CTJVMSYB}.(Accessed on 15/6/2024)}
}

@inproceedings{serrano2015epoint,
  title={ePoint.telemed: A telemonitoring platform for patients with chronic heart failure},
  author={Serrano, A. and Holthe, T.},
  year={2015}
}

@misc{cardiogram,
  author = {{Cardiogram}},
  title = {Detecting Heart Conditions with Wearable Devices},
  note = {Disponible en \url{https://www.cardiogram.com}. (Accessed on 20/6/2024)}
}

@misc{qardiocore,
  author = {{QardioCore}},
  title = {Continuous ECG Monitor},
  note = {Disponible en \url{https://www.qardio.com/qardiocore-wearable-ecg-ekg-monitor}. (Accessed on 20/6/2024)}
}

@misc{tkinter_docs,
  author = {{Tkinter Documentation}},
  title = {Python Software Foundation},
  note = {Disponible en \url{https://docs.python.org/3/library/tkinter.html}. (Accessed on 20/6/2024)}
}

@misc{tkinter_real_time,
  author = {{Real Python}},
  title = {Real-Time Data Visualization with Tkinter},
  note = {Disponible en \url{https://realpython.com/python-gui-tkinter}. (Accessed on 20/6/2024)}
}


@misc{tkinter_data_logging,
  author = {{Practical Python Projects}},
  title = {Data Logging with Tkinter},
  note = {Disponible en \url{https://practicalpythonprojects.com}. (Accessed on 20/6/2024)}
}


@misc{SparkFun_AD8232,
  author = {{SparkFun}},
  title = {SparkFun Single Lead Heart Rate Monitor - AD8232},
  note = {Retrieved from \url{https://www.sparkfun.com/products/12650}}
}

@article{Kumar2020_LowCostECG,
  author = {Kumar, A. and Kumar, S.},
  title = {A Low-Cost Portable Electrocardiogram (ECG) Monitoring System},
  journal = {International Journal of Engineering Research & Technology (IJERT)},
  volume = {9},
  number = {9},
  pages = {1064-1068},
  year = {2020},
  note = {Retrieved from \url{https://www.ijert.org/research/a-low-cost-portable-electrocardiogram-ecg-monitoring-system-IJERTV9IS090571.pdf}}
}

@misc{Adafruit_AD8232,
  author = {{Adafruit}},
  title = {AD8232 Heart Rate Monitor Hookup Guide},
  note = {Retrieved from \url{https://learn.adafruit.com/ad8232-heart-rate-monitor-hookup-guide}}
}

@article{liaw2002classification,
  title={Classification and Regression by randomForest},
  author={Liaw, Andy and Wiener, Matthew},
  journal={R News},
  volume={2},
  number={3},
  pages={18-22},
  year={2002},
  note = {Retrieved from \url{https://cran.r-project.org/doc/Rnews/Rnews_2002-3.pdf}}
}

@misc{tkinter_matplotlib_integration,
  author = {{Python for Data Visualization}},
  title = {Integrating Matplotlib with Tkinter},
  note = {Disponible en \url{https://pythonfordataviz.com}. (Accessed on 21/6/2024)}
}

@inproceedings{ho1995random,
  title={Random Decision Forests},
  author={Ho, Tin Kam},
  booktitle={Proceedings of the 3rd International Conference on Document Analysis and Recognition},
  volume={1},
  pages={278-282},
  year={1995},
  organization={IEEE}
}

@article{scikit-learn,
  title={Scikit-learn: Machine Learning in Python},
  author={Pedregosa, F. and others},
  journal={Journal of Machine Learning Research},
  volume={12},
  pages={2825-2830},
  year={2011}
}


@book{hastie2009elements,
  title={The Elements of Statistical Learning: Data Mining, Inference, and Prediction},
  author={Hastie, Trevor and Tibshirani, Robert and Friedman, Jerome},
  edition={2nd},
  year={2009},
  publisher={Springer}
}

@book{goodfellow2016deep,
  title={Deep Learning},
  author={Goodfellow, Ian and Bengio, Yoshua and Courville, Aaron},
  year={2016},
  publisher={MIT Press}
}

@article{friedman2001greedy,
  title={Greedy Function Approximation: A Gradient Boosting Machine},
  author={Friedman, Jerome H.},
  journal={Annals of Statistics},
  volume={29},
  number={5},
  pages={1189-1232},
  year={2001}
}

% Articulos metodologia

@misc{atlassian_gantt,
  author = {{Atlassian}},
  title = {¿Qué es un diagrama de Gantt?},
  note = {Retrieved from \url{https://www.atlassian.com/es/agile/project-management/gantt-chart#:~:text=%C2%BFQu%C3%A9%20es%20un%20diagrama%20de,tiempo%20previsto%20para%20el%20trabajo}. (Accessed on 02/07/2024)}
}


@misc{ElectrodosECG,
  author = {{CardioSmart}},
  title = {Understanding ECG Electrodes},
  year = {2023},
  note = {\url{https://www.cardiosmart.org/healthwise/aa4678}. (Accessed on 23/6/2024)}
}

@misc{randomforest-medium,
  author = {Deniz Gunay},
  title = {Random Forest},
  year = {2020},
  note = {Medium. \url{https://medium.com/@denizgunay/random-forest-af5bde5d7e1e}. (Accessed on 24/6/2024)}
}

@misc{AD8232_teoria,
  author = {{Analog Devices}},
  title = {AD8232: Frontal de monitor de frecuencia cardíaca de un solo cable},
  year = {2020},
  note = {Analog Devices. \url{https://www.analog.com/media/en/technical-documentation/data-sheets/ad8232.pdf}. (Accessed on 25/6/2024)}
}

% Herramientas Software

@misc{Streamlit,
  author = {{Streamlit}},
  title = {Streamlit},
  note = {\url{https://streamlit.io/}. (Accessed on 2/6/2024)}
}

@misc{SQLite,
  author = {{SQLite}},
  title = {SQLite},
  note = {\url{https://www.sqlite.org/index.html}. (Accessed on 3/6/2024)}
}

@misc{matplotlib,
  author = {{Matplotlib}},
  title = {Matplotlib},
  note = {\url{https://matplotlib.org/}. (Accessed on 4/6/2024)}
}

@misc{Seaborn,
  author = {{Seaborn}},
  title = {Seaborn},
  note = {\url{https://seaborn.pydata.org/}. (Accessed on 5/6/2024)}
}

@misc{Scipy,
  author = {{Scipy}},
  title = {Scipy},
  note = {\url{https://scipy.org/}. (Accessed on 6/6/2024)}
}

@misc{Joblib,
  author = {{Joblib}},
  title = {Joblib},
  note = {\url{https://joblib.readthedocs.io/en/latest/}. (Accessed on 7/6/2024)}
}

@misc{Tkinter,
  author = {{Tkinter}},
  title = {Tkinter},
  note = {\url{https://wiki.python.org/moin/TkInter}. (Accessed on 8/6/2024)}
}

@misc{Anaconda,
  author = {{Anaconda}},
  title = {Anaconda},
  note = {\url{https://www.anaconda.com/products/distribution}. (Accessed on 9/6/2024)}
}

@misc{PowerShell,
  author = {{PowerShell de Anaconda}},
  title = {PowerShell de Anaconda},
  note = {\url{https://docs.anaconda.com/anaconda/user-guide/tasks/powershell/}. (Accessed on 10/6/2024)}
}

@misc{Jupyter,
  author = {{Jupyter Notebook}},
  title = {Jupyter Notebook},
  note = {\url{https://jupyter.org/}. (Accessed on 11/6/2024)}
}

@misc{GitHub,
  author = {{GitHub}},
  title = {GitHub},
  note = {\url{https://github.com/}. (Accessed on 12/6/2024)}
}

@misc{Pandas,
  author = {{Pandas}},
  title = {Pandas},
  note = {\url{https://pandas.pydata.org/}. (Accessed on 13/6/2024)}
}

@misc{ChatGPT,
  author = {{ChatGPT}},
  title = {ChatGPT},
  note = {\url{https://chat.openai.com/}. (Accessed on 14/6/2024)}
}

@misc{lucidchart,
  author = {{Lucidchart}},
  title = {¿Qué es un diagrama de flujo?},
  note = {Retrieved from \url{https://www.lucidchart.com/pages/es/que-es-un-diagrama-de-flujo}. (Accessed on 13/06/2024)}
}

@misc{drawio,
  author = {{Draw.io}},
  title = {UML Use Case Diagrams with Draw.io},
  note = {Retrieved from \url{https://drawio-app.com/blog/uml-use-case-diagrams-with-draw-io/}. (Accessed on 14/06/2024}
}
                              
@misc{ScikitLearn,
  author = {{Scikit-Learn}},
  title = {Scikit-Learn},
  note = {\url{https://scikit-learn.org/}. (Accessed on 15/6/2024)}
}

@misc{Python,
  author = {{Python}},
  title = {Python},
  note = {\url{https://www.python.org/}. (Accessed on 16/6/2024)}
}

@misc{WebTechnologies,
  author = {{MDN Web Docs}},
  title = {MDN Web Docs},
  note = {\url{https://developer.mozilla.org/en-US/docs/Web}. (Accessed on 17/6/2024)}
}

@misc{SQL,
  author = {{SQL}},
  title = {SQL},
  note = {\url{https://www.sqlite.org/index.html}. (Accessed on 18/6/2024)}
}

@misc{ArduinoLanguage,
  author = {{Arduino Language Reference}},
  title = {Arduino Language Reference},
  note = {\url{https://www.arduino.cc/reference/en/}. (Accessed on 19/6/2024)}
}

@misc{serial_communication_basics,
  author = {{Codrey Electronics}},
  title = {Serial Communication Basics},
  year = {2023},
  note = {Codrey Electronics. \url{https://www.codrey.com/embedded-systems/serial-communication-basics/}. (Accessed on 20/6/2024)}
}

@misc{MAX30100_teoria,
  author = {Llamas, Luis},
  title = {Pulsímetro y oxímetro con Arduino y MAX30102},
  year = {2023},
  note = {Luis Llamas. \url{https://www.luisllamas.es/pulsimetro-y-oximetro-con-arduino-y-max30102/}. (Accessed on 21/6/2024)}
}

@misc{KY039_teoria,
  author = {{uElectronics}},
  title = {Detecta tu ritmo cardíaco a través del KY-039},
  year = {2023},
  note = {uElectronics. \url{https://blog.uelectronics.com/tarjetas-desarrollo/detecta-tu-ritmo-cardiaco-a-traves-del-ky-039/}. (Accessed on 22/6/2024)}
}

@misc{KY039,
  author = {{Amazon}},
  title = {AZDelivery Sensor de latidos de corazón},
  note = {Amazon. \url{https://www.amazon.es/AZDelivery-latidos-coraz%C3%B3n-Detector-Incluido/dp/B0811VLN2K}. (Accessed on 23/6/2024)}
}

@misc{MAX30100,
  author = {{Amazon}},
  title = {DollaTek MAX30100 Oxímetro de Pulso y Sensor Cardíaco},
  note = {Amazon. \url{https://www.amazon.es/DollaTek-MAX30100-Ox%C3%ADmetro-Card%C3%ADaco-Pulsosensor/dp/B07DK6PF2Y}. (Accessed on 24/6/2024)}
}

% Articulos resultados

@article{Brooke,
  author = {Brooke, John},
  year = {1995},
  month = {11},
  pages = {},
  title = {SUS: A quick and dirty usability scale},
  volume = {189},
  journal = {Usability Eval. Ind.}
}

% Articulos conclusion


% Articulos lineas futuras

@misc{Amazon2020,
  author       = {Amazon},
  title        = {ICQUANZX medici{\'o}n frecuencia card{\'i}aca vigilancia},
note = {\url{https://www.amazon.es/ICQUANZX-medici%C3%B3n-frecuencia-card%C3%ADaca-vigilancia/dp/B088R8VZ74/ref=pd_day0fbt_d_sccl_1/258-6647537-0896641?pd_rd_w=muut4&content-id=amzn1.sym.ebeac003-3038-477a-9385-3458a7a9739e&pf_rd_p=ebeac003-3038-477a-9385-3458a7a9739e&pf_rd_r=PDNAZ31G8G4R9R80RS9V&pd_rd_wg=Ed0Xs&pd_rd_r=44c1e5f6-9884-4531-a31d-fdffd150f48d&pd_rd_i=B088R8VZ74&psc=1}. (Accessed on 2/6/2024)}
}

% Link de las fotos

@misc{ArduinoUNO3,
  author = {Arduino},
  title = {Arduino Uno Rev3},
  note = {\url{https://store.arduino.cc/products/arduino-uno-rev3?queryID=undefinedSensor}. (Accessed on 2/6/2024)}
}

@misc{CableUSB,
  author = {Amazon},
  title = {MYAMIA Macho Alimentación Transmisión Arduino},
  note = {\url{https://www.amazon.es/MYAMIA-Macho-Alimentaci%C3%B3n-Transmisi%C3%B3n-Arduino/dp/B07GW7CBGN}. (Accessed on 3/6/2024)}
}

@misc{AD8232,
  author = {Amazon},
  title = {AD8232 ECG Module for Heart Rate Monitoring},
  note = {\url{https://www.amazon.es/iHaospace-ad8232-ECG-Monitoring-Measurement-frecuencia/dp/B07DNC63HR}. (Accessed on 4/6/2024)}
}

@misc{Cables,
  author = {Amazon},
  title = {Jumper Wires for Arduino and Raspberry Pi Breadboard},
  note = {\url{https://www.amazon.es/AZDelivery-Jumper-Arduino-Raspberry-Breadboard/dp/B07KKJ69DV/ref=sr_1_2_sspa?dib=eyJ2IjoiMSJ9.lGv2V_DEJqb_20gCgl_NcZ4JPObjRJrulUvFGdlpdArO0TSBCnfmg3MO1oDrpbG6Vu-CvDSgXOSyJ249yBe7EWFFxLyma6RcAJg53cX96SUDU4D4cSDKulGbxoSvHCd3ccO1qC-efoxdZe-Kmgk0l3YM6NXlCE24cZsBpp8BVYHpUDD-xY4_tu-mfwonDahTT6ctr9IAqlbvlftl8aoF46iNauVw6q-uetftIvOKhi8AzNyVsRs26yn-A9H9wndGa8EaWZO3zAQCIuLkBS6KfyKSLBpG3QpesBk5M88vvH0.0J-rYQLNEZcS0egGuvSPqfCK6Yu4xkbBaCY-DGHlf08&dib_tag=se&keywords=cable%2Barduino&qid=1718723509&sr=8-2-spons&sp_csd=d2lkZ2V0TmFtZT1zcF9hdGY&th=1}. (Accessed on 5/6/2024)}
}

@misc{Resistencia,
  author = {Amazon},
  title = {Resistencias de 330 Ohmios},
  note = {\url{https://www.amazon.es/Resistencias-Tolerancia-Limitaci%C3%B3n-corriente-Certificado/dp/B08QRWFC4T/ref=sr_1_10?__mk_es_ES=%C3%85M%C3%85%C5%BD%C3%95%C3%91&crid=1VNGWZV1S2OAJ&dib=eyJ2IjoiMSJ9.k294D5w_RW7YaEJZVIIxH2bHl6XNwzvvjhZMj1NhwIZY1Owkrs3v7bS48kH4nORwu37lxr8eunsav37uIVwq7YFS9kTarqKlEbzZYoVxqUKf7GIFHoBLq4ApfGmUSKeD7g7xa2073SBsfjTjiUKrBVr29ED4nfE0hSwcBmwxOoNGR7HWtS2iXK1djVNe-HFocqoCq3vygHZeSS7KftRvvBPndel4a3wrJ0iDwq5I0pgo0aOFoy3V-7GUGd7yo1Q_ljUqRNXfc_jaWB1yIn91oTENiPKxtVVqYvFmjI1Ub-A.kGy7wZMjXcm51nb_wEkeIIP6SpsMaT2EfZYWMZIhr2c&dib_tag=se&keywords=resistencia+330+arduino&qid=1718723587&sprefix=resistencia+330+arduino%2Caps%2C73&sr=8-10}. (Accessed on 6/6/2024)}
}

@misc{LED,
  author = {Amazon},
  title = {LEDs for Arduino Projects},
  note = {\url{https://www.amazon.es/Emisores-Componentes-Electr%C3%B3nicos-L%C3%A1mpara-Brillante/dp/B0C3VDWG15/ref=sr_1_2_sspa?__mk_es_ES=%C3%85M%C3%85%C5%BD%C3%95%C3%91&crid=2RYHC6UUVIBSQ&dib=eyJ2IjoiMSJ9.pt7YY3D-ZuhvveltNK3p3CVWVXQKIdf8FXcAvYFiOZjTrnJanL2FKjHQd9GEF-ehCjK_jCJczm2RwrOVNwkoB2zzUpS2q4O_FbBXnbwjU6Zk4s2PQRDH3tnRGoiWLaJk67lI8HXFy2VUb6X3Yp1TJE-RYPh6naJV2O-7W31mDZHAq0YmQpVeYsf4Z8H5cwgS7DLsfToKPpGNRyk94L7kd23lg1xUTfgAwOo9gNFFLN27dM_7CbDbr3KrQvJrc3mqogzS5xzmhN0xIyuNqsAqRS2S-pQMcQiqqE_a5ArYJ_8.Qz4TPWeTNP7l5lVx5uElTTklG18S8IUZUtuP1qEIYeo&dib_tag=se&keywords=led%2Barduino&qid=1718723552&sprefix=led%2Barduino%2Caps%2C100&sr=8-2-spons&sp_csd=d2lkZ2V0TmFtZT1zcF9hdGY&th=1}. (Accessed on 7/6/2024)}
}

@misc{ElectrodosECGPediatricos,
  author = {Amazon},
  title = {Electrodos ECG Pediátricos},
  note = {\url{https://www.amazon.es/Gima-33370-Electrodos-universales-di%C3%A1metro/dp/B075WYZTR6/ref=sr_1_5?dib=eyJ2IjoiMSJ9.emN0Y2-CM7VGO7KzI7O4DjqgrRO3zgeoqxFeOau3qEPkC6ToBMwdgHTr7cOUHfl3nXxRASEJX89T_UzqFISoCGVH1IGDff7dfqzt5DEqJzukrQRE1Zc8MHhvrXP7z2i2qIU2-AwctQDwPI49ohcXxyaueHbiuwiA6K9wpy1g11AHwlQAxvaHNzjdcOL-T0I7M_3TfvcO8lcxwJifV37lgIzCPfvyPDQLPVFf8oVfnNqatsN12Jmi1cI0wkkh7peMGVx-EXlHPjPDKHGBxzXCwLYf4W11q68nxDtCNTjWk7I.Vz9I8YpIAiMq2I_L5HOERMjT1m79Veml9d9KofjPZbg&dib_tag=se&keywords=electrodos+ecg&qid=1718792959&sr=8-5}. (Accessed on 8/6/2024)}
}

% Link de los datos

@misc{kaggle-data,
  author = {Fazeli, Shayan},
  title = {Heartbeat Sounds Dataset},
  year = {2018},
  note = {Kaggle. \url{https://www.kaggle.com/datasets/shayanfazeli/heartbeat/data}. (Accessed on 9/6/2024)}
}
