% A
@misc{gantt,
  author = {{Project Manager}},
  title = {What is a Gantt Chart?},
  note = {Retrieved from \url{https://www.projectmanager.com/blog/gantt-chart}. (Accessed on 20/06/2024)}
}

@misc{infojobs,
  author = {{InfoJobs}},
  title = {Salario Ingeniero Biomédico},
  note = {Retrieved from \url{https://www.infojobs.net/salario/ingeniero-biomedico}. (Accessed on 21/06/2024)}
}

@misc{seguridadsocial,
  author = {{Seguridad Social}},
  title = {Régimen General de la Seguridad Social},
  note = {Retrieved from \url{https://www.seg-social.es/}. (Accessed on 22/06/2024)}
}

@misc{financialtimes,
  author = {{Financial Times}},
  title = {Amortización de Equipos},
  note = {Retrieved from \url{https://www.ft.com}. (Accessed on 23/06/2024)}
}

@misc{amazon,
  author = {{Amazon}},
  title = {Componentes Electrónicos},
  note = {Retrieved from \url{https://www.amazon.es}. (Accessed on 24/06/2024)}
}

@misc{mouser,
  author = {{Mouser Electronics}},
  title = {Componentes Electrónicos},
  note = {Retrieved from \url{https://www.mouser.es}. (Accessed on 25/06/2024)}
}

@misc{boe_rgpd,
  author = {{BOE}},
  title = {Reglamento (UE) 2016/679 (RGPD)},
  year = {2016},
  note = {Retrieved from \url{https://www.boe.es/doue/2016/119/L00001-00088.pdf}. (Accessed on 26/06/2024)}
}

@misc{boe_lopd,
  author = {{BOE}},
  title = {Ley Orgánica 3/2018 de Protección de Datos Personales},
  year = {2018},
  note = {Retrieved from \url{https://www.boe.es/boe/dias/2018/12/06/pdfs/BOE-A-2018-16673.pdf}. (Accessed on 27/06/2024)}
}

@misc{boe_paciente,
  author = {{BOE}},
  title = {Ley 41/2002},
  year = {2002},
  note = {Retrieved from \url{https://www.boe.es/buscar/doc.php?id=BOE-A-2002-22188}. (Accessed on 28/06/2024)}
}

@misc{boe_productos_sanitarios,
  author = {{BOE}},
  title = {Reglamento (UE) 2017/745 sobre productos sanitarios},
  year = {2017},
  note = {Retrieved from \url{https://www.boe.es/buscar/doc.php?id=DOUE-L-2017-80501}. (Accessed on 29/06/2024)}
}

@misc{boe_ce,
  author = {{BOE}},
  title = {Marcado CE},
  year = {2017},
  note = {Retrieved from \url{https://www.boe.es/buscar/doc.php?id=DOUE-L-2017-80501}. (Accessed on 30/06/2024)}
}

@misc{boe_rd,
  author = {{BOE}},
  title = {Real Decreto 192/2023},
  year = {2023},
  note = {Retrieved from \url{https://www.boe.es/buscar/doc.php?id=BOE-A-2023-192}. (Accessed on 01/07/2024)}
}

@misc{boe_software,
  author = {{BOE}},
  title = {Directiva (UE) 2009/24/CE},
  year = {2009},
  note = {Retrieved from \url{https://www.boe.es/buscar/doc.php?id=DOUE-L-2009-80501}. (Accessed on 02/07/2024)}
}

@misc{boe_propiedad_intelectual,
  author = {{BOE}},
  title = {Real Decreto Legislativo 1/1996},
  year = {1996},
  note = {Retrieved from \url{https://www.boe.es/buscar/doc.php?id=BOE-A-1996-8930}. (Accessed on 03/07/2024)}
}

@misc{boe_patentes,
  author = {{BOE}},
  title = {Ley 24/2015, de Patentes},
  year = {2015},
  note = {Retrieved from \url{https://www.boe.es/buscar/doc.php?id=BOE-A-2015-7850}. (Accessed on 24/06/2024)}
}

@misc{boe_propiedad_intelectual_2,
  author = {{BOE}},
  title = {Real Decreto Legislativo 1/1996, de Propiedad Intelectual},
  year = {1996},
  note = {Retrieved from \url{https://www.boe.es/buscar/doc.php?id=BOE-A-1996-8930}. (Accessed on 25/06/2024)}
}

@misc{boe_productos_sanitarios_2,
  author = {{BOE}},
  title = {Real Decreto 1591/2009},
  year = {2009},
  note = {Retrieved from \url{https://www.boe.es/buscar/doc.php?id=BOE-A-2009-15627}. (Accessed on 26/06/2024)}
}

@misc{boe_fabricacion,
  author = {{BOE}},
  title = {Real Decreto 437/2002},
  year = {2002},
  note = {Retrieved from \url{https://www.boe.es/buscar/doc.php?id=BOE-A-2002-1559}. (Accessed on 27/06/2024)}
}

@misc{boe_rgpd_2,
  author = {{BOE}},
  title = {Reglamento (UE) 2016/679, General de Protección de Datos (RGPD)},
  year = {2016},
  note = {Retrieved from \url{https://www.boe.es/buscar/doc.php?id=DOUE-L-2016-119-0001}. (Accessed on 28/06/2024)}
}

@misc{boe_lopd_2,
  author = {{BOE}},
  title = {Ley Orgánica 3/2018, de Protección de Datos Personales},
  year = {2018},
  note = {Retrieved from \url{https://www.boe.es/buscar/doc.php?id=BOE-A-2018-16673}. (Accessed on 29/06/2024)}
}

@misc{boe_comercio,
  author = {{BOE}},
  title = {Ley 34/2002, de Servicios de la Sociedad de la Información y de Comercio Electrónico},
  year = {2002},
  note = {Retrieved from \url{https://www.boe.es/buscar/doc.php?id=BOE-A-2002-13758}. (Accessed on 30/06/2024)}
}

@misc{boe_ce_2,
  author = {{BOE}},
  title = {Reglamento de la UE 2017/745},
  year = {2017},
  note = {Retrieved from \url{https://www.boe.es/buscar/doc.php?id=DOUE-L-2017-80501}. (Accessed on 01/07/2024)}
}

% B


@misc{electrodos,
  author = {{uElectronics}},
  title = {¿Cómo realizar la programación y conexión del módulo AD8232 ECG con Arduino UNO?},
  note = {Retrieved from \url{https://blog.uelectronics.com/tarjetas-desarrollo/arduino/como-realizar-la-programacion-conexion-del-modulo-ad8232-ecg-con-arduino-uno/}. (Accessed on 22/06/2024)}
}


@misc{Streamlit,
  author = {{Streamlit}},
  title = {Streamlit},
  note = {\url{https://streamlit.io/}. (Accessed on 2/6/2024)}
}

@misc{Tkinter,
  author = {{Tkinter}},
  title = {Tkinter},
  note = {\url{https://wiki.python.org/moin/TkInter}. (Accessed on 8/6/2024)}
}

@misc{Anaconda,
  author = {{Anaconda}},
  title = {Anaconda},
  note = {\url{https://www.anaconda.com/products/distribution}. (Accessed on 9/6/2024)}
}

@misc{ArduinoLanguage,
  author = {{Arduino Language Reference}},
  title = {Arduino Language Reference},
  note = {\url{https://www.arduino.cc/reference/en/}. (Accessed on 19/6/2024)}
}


@misc{PowerShell,
  author = {{PowerShell de Anaconda}},
  title = {PowerShell de Anaconda},
  note = {\url{https://docs.anaconda.com/anaconda/user-guide/tasks/powershell/}. (Accessed on 10/6/2024)}
}

@misc{Jupyter,
  author = {{Jupyter Notebook}},
  title = {Jupyter Notebook},
  note = {\url{https://jupyter.org/}. (Accessed on 11/6/2024)}
}

@misc{Python,
  author = {{Python}},
  title = {Python},
  note = {\url{https://www.python.org/}. (Accessed on 16/6/2024)}
}




% C



% D



% E



% F




% G

@misc{SUS,
  author = {UI From Mars},
  title = {¿Cómo medir la usabilidad? ¿Qué es SUS?},
  year = {2024},
  note = {\url{https://www.uifrommars.com/como-medir-usabilidad-que-es-sus/}. (Accessed on 2/07/2024)}
}

% H
@misc{crue-sostenibilidad,
  author = {{CRUE Universidades Españolas}},
  title = {Directrices para la Introducción de la Sostenibilidad en el Currículo},
  year = {2012},
  note = {\url{https://www.crue.org/wp-content/uploads/2020/02/Directrices_Sosteniblidad_Crue2012.pdf}. (Accessed on 3/07/2024)}
}